@BOOK{HohpeWoolf2003, 
	author="{Hohpe, Gregor. and Woolf, Bobby.}", 
	title="Enterprise Integration Patterns", 
	year="2003", 
	publisher="Pearson Education, Inc.", 
	address="75 Arlington Street, Suite 300",
	ISBN="978-0321200686"}

@online{OpenshiftDoc,
	author = {Red Hat Inc.},
	title = {OpenShift Container Platform 3.5 Documentation},
	year = 2017,
	url = {https://docs.openshift.com/container-platform/3.5/welcome/index.html},
	urldate = {2018-01-10}
}

@ARTICLE{Kong2004, 
author={Zhen-Ning Kong and Tsang, D. H K and Bensaou, B. and Deyun Gao}, 
journal={{IEEE} Journal on Selected Areas in Communications}, 
title={Performance analysis of {IEEE} 802.11e contention-based channel access}, 
year={2004}, 
volume={22}, 
number={10}, 
pages={2095-2106}}
